@manual{9241411,
	title={Ergonomics of human-system interaction — Part 411: Evaluation methods for the design of physical input devices},
	organization={International Organization for Standardization},
	year={2012},
}

@article{Soukoreff:2004:TSP:1056153.1056155,
 author = "Soukoreff, R. William and MacKenzie, I. Scott",
 title = "Towards a Standard for Pointing Device Evaluation, Perspectives on 27 Years of Fitts' Law Research in HCI",
 journal = "Int. J. Hum.-Comput. Stud.",
 issue_date = "December 2004",
 volume = "61",
 number = "6",
 month = dec,
 year = 2004,
 issn = "1071-5819",
 pages = "751--789",
 numpages = "39",
 url = "http://dx.doi.org/10.1016/j.ijhcs.2004.09.001",
 doi = "10.1016/j.ijhcs.2004.09.001",
 acmid = "1056155",
 publisher = "Academic Press, Inc.",
 address = "Duluth, MN, USA",
} 

@inproceedings{velloso:hal-01599657,
  TITLE = {{Interactions Under the Desk: A Characterisation of Foot Movements for Input in a Seated Position}},
  AUTHOR = {Velloso, Eduardo and Alexander, Jason and Bulling, Andreas and Gellersen, Hans},
  URL = {https://hal.inria.fr/hal-01599657},
  BOOKTITLE = {{15th Human-Computer Interaction (INTERACT)}},
  ADDRESS = {Bamberg, Germany},
  SERIES = {Human-Computer Interaction -- INTERACT 2015},
  VOLUME = {LNCS-9296},
  NUMBER = {Part I},
  PAGES = {384-401},
  YEAR = {2015},
  MONTH = Sep,
  DOI = {10.1007/978-3-319-22701-6\_29},
  KEYWORDS = {Foot-based interfaces ; Fitts's law ; Interaction techniques},
  PDF = {https://hal.inria.fr/hal-01599657/file/346937_1_En_29_Chapter.pdf},
  HAL_ID = {hal-01599657},
  HAL_VERSION = {v1},
}

@inproceedings{Han:2011:KIU:2037373.2037379,
 author = "Han, Teng and Alexander, Jason and Karnik, Abhijit and Irani, Pourang and Subramanian, Sriram",
 title = "Kick: Investigating the Use of Kick Gestures for Mobile Interactions",
 booktitle = "Proceedings of the 13th International Conference on Human Computer Interaction with Mobile Devices and Services",
 
 series = "MobileHCI '11",
 pages = "29--32",publisher = "ACM",
 year = 2011
} 

@inproceedings{Fukahori:2015:ESF:2702123.2702308,
 author = {Fukahori, Koumei and Sakamoto, Daisuke and Igarashi, Takeo},
 title = {Exploring Subtle Foot Plantar-based Gestures with Sock-placed Pressure Sensors},
 booktitle = {Proceedings of the 33rd Annual ACM Conference on Human Factors in Computing Systems},
 series = {CHI '15},
 year = {2015},
 isbn = {978-1-4503-3145-6},
 location = {Seoul, Republic of Korea},
 pages = {3019--3028},
 numpages = {10},
 url = {http://doi.acm.org/10.1145/2702123.2702308},
 doi = {10.1145/2702123.2702308},
 acmid = {2702308},
 publisher = {ACM},
 address = {New York, NY, USA},
 keywords = {foot plantar sensing device, hands-free interaction, sock-placed interface, user-defined gesture},
} 

@inproceedings{Horodniczy:2017:FHE:3025453.3025625,
 author = {Horodniczy, Daniel and Cooperstock, Jeremy R.},
 title = {Free the Hands! Enhanced Target Selection via a Variable-Friction Shoe},
 booktitle = {Proceedings of the 2017 CHI Conference on Human Factors in Computing Systems},
 series = {CHI '17},
 year = {2017},
 isbn = {978-1-4503-4655-9},
 location = {Denver, Colorado, USA},
 pages = {255--259},
 numpages = {5},
 url = {http://doi.acm.org/10.1145/3025453.3025625},
 doi = {10.1145/3025453.3025625},
 acmid = {3025625},
 publisher = {ACM},
 address = {New York, NY, USA},
 keywords = {fitts' law, foot-controlled input, haptic feedback, variable friction},
} 



@inproceedings{Pearson:1988:EEP:57167.57169,
 author = {Pearson, Glenn and Weiser, Mark},
 title = {Exploratory Evaluation of a Planar Foot-operated Cursor-positioning Device},
 booktitle = {Proceedings of the SIGCHI Conference on Human Factors in Computing Systems},
 series = {CHI '88},
 year = {1988},
 isbn = {0-201-14237-6},
 location = {Washington, D.C., USA},
 pages = {13--18},
 numpages = {6},
 url = {http://doi.acm.org/10.1145/57167.57169},
 doi = {10.1145/57167.57169},
 acmid = {57169},
 publisher = {ACM},
 address = {New York, NY, USA},
} 


@inproceedings{Pearson:1986:MMD:22627.22392,
 author = {Pearson, Glenn and Weiser, Mark},
 title = {Of Moles and Men: The Design of Foot Controls for Workstations},
 booktitle = {Proceedings of the SIGCHI Conference on Human Factors in Computing Systems},
 series = {CHI '86},
 year = {1986},
 isbn = {0-89791-180-6},
 location = {Boston, Massachusetts, USA},
 pages = {333--339},
 numpages = {7},
 url = {http://doi.acm.org/10.1145/22627.22392},
 doi = {10.1145/22627.22392},
 acmid = {22392},
 publisher = {ACM},
 address = {New York, NY, USA},
} 

@inproceedings{Silfverberg:2001:IJP:780986.781001,
 author = {Silfverberg, Miika and MacKenzie, I. Scott and Kauppinen, Tatu},
 title = {An Isometric Joystick As a Pointing Device for Handheld Information Terminals},
 booktitle = {Proceedings of Graphics Interface 2001},
 series = {GI '01},
 year = {2001},
 isbn = {0-9688808-0-0},
 location = {Ottawa, Ontario, Canada},
 pages = {119--126},
 numpages = {8},
 url = {http://dl.acm.org/citation.cfm?id=780986.781001},
 acmid = {781001},
 publisher = {Canadian Information Processing Society},
 address = {Toronto, Ont., Canada, Canada},
 keywords = {Fitts' law, ISO 9241, handheld devices, isometric joystick, pointing devices},
} 

@article{110004704997,
author="田中 則子 and 上田 知生 and 中尾 恵 and 佐藤 哲大 and 湊 小太郎 and 吉田 正樹 and 纐纈 和美",
title="足指マウス開発にむけての基礎的検討 : 母指の運動特性",
journal="生体医工学 : 日本エム・イー学会誌",
ISSN="1347443X",
publisher="社団法人日本生体医工学会",
year="2005",
volume="43",
number="4",
pages="790-794",
URL="https://ci.nii.ac.jp/naid/110004704997/",
DOI="",
}

@article{fitts,
author={P. M. Fitts},
title={The information capacity of the human motor system in controlling the amplitude of movement},
journal={Journal of experimental psychology},
year={1954},
volume={47},
number={6},
pages={381-391},
}



@ARTICLE{1698228, 
author={William K. English and Douglas C. Engelbart and Melvyn L. Berman}, 
journal={IEEE Transactions on Human Factors in Electronics}, 
title={Display-Selection Techniques for Text Manipulation}, 
year={1967}, 
volume={HFE-8}, 
number={1}, 
pages={5-15}, 
keywords={Mice;Keyboards;Computer displays;Cathode ray tubes;System testing;Fasteners;Real time systems;Proposals;Writing;Performance evaluation}, 
doi={10.1109/THFE.1967.232994}, 
ISSN={0096-249X}, 
}

@ARTICLE{1937ASAJ....8..185S,
   author = {{Stevens}, S.~S.},
    title = "{A Scale for the Measurement of the Psychological Magnitude Pitch}",
  journal = {Acoustical Society of America Journal},
     year = 1937,
   volume = 8,
    pages = {185},
      doi = {10.1121/1.1915893},
   adsurl = {http://adsabs.harvard.edu/abs/1937ASAJ....8..185S},
  adsnote = {Provided by the SAO/NASA Astrophysics Data System}
}

@inproceedings{Gobel:2013:GFI:2468356.2479610,
 author = {G\"{o}bel, Fabian and Klamka, Konstantin and Siegel, Andreas and Vogt, Stefan and Stellmach, Sophie and Dachselt, Raimund},
 title = {Gaze-supported Foot Interaction in Zoomable Information Spaces},
 booktitle = {CHI '13 Extended Abstracts on Human Factors in Computing Systems},
 series = {CHI EA '13},
 year = {2013},
 isbn = {978-1-4503-1952-2},
 location = {Paris, France},
 pages = {3059--3062},
 numpages = {4},
 url = {http://doi.acm.org/10.1145/2468356.2479610},
 doi = {10.1145/2468356.2479610},
 acmid = {2479610},
 publisher = {ACM},
 address = {New York, NY, USA},
 keywords = {eye tracking, foot, gaze, interaction, multimodal, navigation, pan, zoom},
} 

@inproceedings{Rajanna:2016:GFI:2876456.2876462,
 author = {Rajanna, Vijay Dandur},
 title = {Gaze and Foot Input: Toward a Rich and Assistive Interaction Modality},
 booktitle = {Companion Publication of the 21st International Conference on Intelligent User Interfaces},
 series = {IUI '16 Companion},
 year = {2016},
 isbn = {978-1-4503-4140-0},
 location = {Sonoma, California, USA},
 pages = {126--129},
 numpages = {4},
 url = {http://doi.acm.org/10.1145/2876456.2876462},
 doi = {10.1145/2876456.2876462},
 acmid = {2876462},
 publisher = {ACM},
 address = {New York, NY, USA},
 keywords = {authentication, eye tracking, foot input, gaze and foot interaction, tabletop interaction},
} 



@inproceedings{Alexander:2012:PYB:2207676.2208575,
 author = {Alexander, Jason and Han, Teng and Judd, William and Irani, Pourang and Subramanian, Sriram},
 title = {Putting Your Best Foot Forward: Investigating Real-world Mappings for Foot-based Gestures},
 booktitle = {Proceedings of the SIGCHI Conference on Human Factors in Computing Systems},
 series = {CHI '12},
 year = {2012},
 isbn = {978-1-4503-1015-4},
 location = {Austin, Texas, USA},
 pages = {1229--1238},
 numpages = {10},
 url = {http://doi.acm.org/10.1145/2207676.2208575},
 doi = {10.1145/2207676.2208575},
 acmid = {2208575},
 publisher = {ACM},
 address = {New York, NY, USA},
 keywords = {foot gestures, foot-based interaction, mobile device interaction},
} 

@inproceedings{Felberbaum:2018:BUF:3173574.3173908,
 author = {Felberbaum, Yasmin and Lanir, Joel},
 title = {Better Understanding of Foot Gestures: An Elicitation Study},
 booktitle = {Proceedings of the 2018 CHI Conference on Human Factors in Computing Systems},
 series = {CHI '18},
 year = {2018},
 isbn = {978-1-4503-5620-6},
 location = {Montreal QC, Canada},
 pages = {334:1--334:12},
 articleno = {334},
 numpages = {12},
 url = {http://doi.acm.org/10.1145/3173574.3173908},
 doi = {10.1145/3173574.3173908},
 acmid = {3173908},
 publisher = {ACM},
 address = {New York, NY, USA},
 keywords = {elicitation study, foot gestures, foot interaction, user-defined gesture set},
} 

@inproceedings{Xiao:2018:LOP:3173574.3173669,
 author = {Xiao, Robert and Cao, Teng and Guo, Ning and Zhuo, Jun and Zhang, Yang and Harrison, Chris},
 title = {LumiWatch: On-Arm Projected Graphics and Touch Input},
 booktitle = {Proceedings of the 2018 CHI Conference on Human Factors in Computing Systems},
 series = {CHI '18},
 year = {2018},
 isbn = {978-1-4503-5620-6},
 location = {Montreal QC, Canada},
 pages = {95:1--95:11},
 articleno = {95},
 numpages = {11},
 url = {http://doi.acm.org/10.1145/3173574.3173669},
 doi = {10.1145/3173574.3173669},
 acmid = {3173669},
 publisher = {ACM},
 address = {New York, NY, USA},
 keywords = {depth sensing, on-body interaction, projection, smartwatch, time-of-flight, touch interaction},
} 

@inproceedings{Fan:2017:ESF:3123021.3123043,
 author = {Fan, Mingming and Ding, Yizheng and Shen, Fang and You, Yuhui and Yu, Zhi},
 title = {An Empirical Study of Foot Gestures for Hands-occupied Mobile Interaction},
 booktitle = {Proceedings of the 2017 ACM International Symposium on Wearable Computers},
 series = {ISWC '17},
 year = {2017},
 isbn = {978-1-4503-5188-1},
 location = {Maui, Hawaii},
 pages = {172--173},
 numpages = {2},
 url = {http://doi.acm.org/10.1145/3123021.3123043},
 doi = {10.1145/3123021.3123043},
 acmid = {3123043},
 publisher = {ACM},
 address = {New York, NY, USA},
 keywords = {foot gestures, hands-busy, user-defined gestures},
} 

@inproceedings{Saunders:2016:TFI:2901790.2901815,
 author = {Saunders, William and Vogel, Daniel},
 title = {Tap-Kick-Click: Foot Interaction for a Standing Desk},
 booktitle = {Proceedings of the 2016 ACM Conference on Designing Interactive Systems},
 series = {DIS '16},
 year = {2016},
 isbn = {978-1-4503-4031-1},
 location = {Brisbane, QLD, Australia},
 pages = {323--333},
 numpages = {11},
 url = {http://doi.acm.org.ezproxy.tulips.tsukuba.ac.jp/10.1145/2901790.2901815},
 doi = {10.1145/2901790.2901815},
 acmid = {2901815},
 publisher = {ACM},
 address = {New York, NY, USA},
 keywords = {foot input, healthy computing, interaction technique},
} 

@inproceedings{Augsten:2010:MHI:1866029.1866064,
 author = {Augsten, Thomas and Kaefer, Konstantin and Meusel, Ren{\'e} and Fetzer, Caroline and Kanitz, Dorian and Stoff, Thomas and Becker, Torsten and Holz, Christian and Baudisch, Patrick},
 title = {Multitoe: High-precision Interaction with Back-projected Floors Based on High-resolution Multi-touch Input},
 booktitle = {Proceedings of the 23Nd Annual ACM Symposium on User Interface Software and Technology},
 series = {UIST '10},
 year = {2010},
 isbn = {978-1-4503-0271-5},
 location = {New York, New York, USA},
 pages = {209--218},
 numpages = {10},
 url = {http://doi.acm.org/10.1145/1866029.1866064},
 doi = {10.1145/1866029.1866064},
 acmid = {1866064},
 publisher = {ACM},
 address = {New York, NY, USA},
 keywords = {direct manipulation, front diffuse illumination, ftir, interactive floor, multi-touch, projection, tabletop},
} 

@mastersthesis{okumura_2011,
	author = "奥村 典明",
	title = "モバイル環境における足入力インタフェースの研究",
	school = "筑波大学",
	year = 2011,
}

@mastersthesis{ssuzuki_2009,
	author = "鈴木 茂徳",
	title = "フットワークインタラクションのための測域センサによる足の位置・動作の認識手法",
	school = "筑波大学",
	year = 2009,
}

@inproceedings{weko_196526_1,
   author	 = "{市川佑,志築文太郎,高橋伸}",
   title	 = "距離センサを用いた膝の動きによるカーソル操作手法",
   booktitle = "第81回全国大会講演論文集",
   year 	 = "2019",
   volume	 = "2019",
   number	 = "1",
   pages	 = "271--272",
   month	 = "feb"
}

@book{音響認識システム,
  author = "河原達也",
  yomi = "Tatsuya Kawahara",
  title = "音声認識システム 改訂2版",
  publisher = "オーム社",
  year = 2016,
}

@mastersthesis{山下システム,
  author = "山下徹",
  title = "重量センサを用いた冷蔵庫内におけるモノの種類および残量推定システム",
  school = "奈良先端科学技術大学院大学情報科学研究科情報科学専攻",
  year = "2014",
}

@conference{小原田システム,
  author = "{小原田和也,志築文太郎,高橋伸}",
  title = "筋電位を用いた物体の重さの推定",
  booktitle = "情報処理学会研究報告",
  year = "2016",
  volume = "Vol.2016-HCI-169",
  publisher = "情報処理学会",
}

@techreport{Mingmingシステム,
  author = "Fan Mingming, Truong Khai N., Ranjan Abhishek",
  title = "{Exploring the Use of Capacitive Sensing to Externally Measure Liquid in Fluid Containers}",
  institution = "Knowledge Media Design Institute",
  year = "2016",
}

@misc{スマートマット,
  title = "スマートマット",
  note = "https://smashop.jp/ap",
}

@misc{AIRBAR,
	title = "AIRBAR",
	note = "https://air.bar",
}
